@book{gref1998,
	title = {leituras de física: óptica},
	author = {Copelli, Anna Cecília and Toscano, Carlos and Rodrigues
		Teixeira, Dorival and Silva, Isilda Sampaio and Pereira, Jairo
			Alves and Martins, João and de Menezes, Luís Carlos and
			de Carvalho Piassi, Luís Paulo and Baldin Pelaes, Suely
			and da Silva Dias, Wilton and Hosoume, Yassuko and de
			Menezes, Fernando Chui and Kano, Mario},
	year = {1998},
	Edition = {1},
	publisher = {GREF/Instituto de Física da USP},
	address = {São Paulo}
}

@misc{wiki:xxx,
   author = "Wikipédia",
   title = "Cronologia da tecnologia fotográfica --- Wikipédia{,} a enciclopédia livre",
   year = "2021",
   url = "https://pt.wikipedia.org/w/index.php?title=Cronologia_da_tecnologia_fotogr%C3%A1fica&oldid=61293589",
   note = "[Online; accessed 1-junho-2021]"
}

@book{davy1802,
  title = {An Account of a Method of Copying Paintings upon Glass, and of Making Profiles, by the Agency of Light upon Nitrate of Silver},
  author = {Davy, Humphry},
  year = {1802},
  Edition = {},
  publisher = {Journal of the Royal Institution},
  address = {Londres}
}

@misc{ enwiki:1052992605,
  author = "{Wikipedia contributors}",
  title = "Light --- {Wikipedia}{,} The Free Encyclopedia",
  year = "2021",
  url = "https://en.wikipedia.org/w/index.php?title=Light&oldid=1052992605",
  note = "[Online; accessed 8-November-2021]"
}

@misc{mactutor2002,
  title = "Light through the ages: Ancient Greece to Maxwell",
  author = "O'Connor, J J and Robertson, E F",
  year = "2002",
  url = "https://mathshistory.st-andrews.ac.uk/HistTopics/Light_1/",
}

@book{luiz2021,
	title = {Ondas: definição e demonstraçãoOndas: definição e demonstração},
	author = {Rangel, Luiz Antônio and Bertolucci, Antônio},
	year = {2021},
	url = {http://pindorama.twilightparadox.com/~luiz/papers/em/fisica/ondas-jun-2021}
}

@book{young1801,
  title = {On the theory of light and colours},
  author = {Young, Thomas},
  year = {1802},
  Edition = {},
  publisher = {Journal of the Royal Institution},
  address = {Londres}
}

@misc{ goebel:2008,
  author = "Greg Goebel",
  title = "A History Of The Telescope",
  year = "2008",
  url = "https://web.archive.org/web/20080521030831/http://www.vectorsite.net/tascope.html"
}

@misc{helerbrock,
	title={Lentes esféricas: propriedades, fórmulas, exercícios},
	url={https://mundoeducacao.uol.com.br/fisica/lentes-esfericas.htm},
	journal={Mundo Educação},
	publisher={Mundo Educação},
	author={Helerbrock, Rafael}
}


@misc{silva,
	title={Sistemas ópticos. Conceituando os sistemas ópticos},
	url={https://mundoeducacao.uol.com.br/fisica/sistemas-opticos.htm},
	journal={Mundo Educação},
	publisher={Mundo Educação},
	author={Silva, Domiciano Correa Marques da}
}


@misc{infoenem_2020,
	title={Diferença Entre Espelhos Planos e Esféricos},
	url={https://infoenem.com.br/diferenca-entre-espelhos-planos-e-esfericos/},
	journal={Infoenem},
	year={2020},
	month={May}
}
